<record><leader>00000cas a22000007a 4500</leader><controlfield tag="001">21616545</controlfield><controlfield tag="008">900529d18611875mnuir ne      0    0eng d</controlfield><datafield ind1=" " ind2=" " tag="010"><subfield code="a">sn 90059508 </subfield></datafield><datafield ind1=" " ind2=" " tag="040"><subfield code="a">MN#</subfield><subfield code="b">eng</subfield><subfield code="c">MN#</subfield><subfield code="d">OCL</subfield><subfield code="d">OCLCQ</subfield><subfield code="d">OCLCF</subfield><subfield code="d">OCLCO</subfield><subfield code="d">IUL</subfield><subfield code="d">OCL</subfield></datafield><datafield ind1=" " ind2=" " tag="042"><subfield code="a">msc</subfield></datafield><datafield ind1=" " ind2=" " tag="043"><subfield code="a">n-us-mn</subfield></datafield><datafield ind1=" " ind2=" " tag="052"><subfield code="a">4144</subfield><subfield code="b">S4</subfield></datafield><datafield ind1="0" ind2="0" tag="245"><subfield code="a">Saint Paul tri-weekly press.</subfield></datafield><datafield ind1="3" ind2="0" tag="246"><subfield code="a">Saint Paul triweekly press</subfield></datafield><datafield ind1="1" ind2="3" tag="246"><subfield code="a">Saint Paul press</subfield></datafield><datafield ind1=" " ind2=" " tag="260"><subfield code="a">St. Paul, Minn. :</subfield><subfield code="b">Press. Co.</subfield></datafield><datafield ind1=" " ind2=" " tag="300"><subfield code="a">v.</subfield></datafield><datafield ind1=" " ind2=" " tag="310"><subfield code="a">Triweekly</subfield></datafield><datafield ind1="1" ind2=" " tag="362"><subfield code="a">Began Mar. 1, 1861; ceased Apr. 9, 1875?</subfield></datafield><datafield ind1=" " ind2=" " tag="580"><subfield code="a">Weekly ed.: St. Paul weekly press.</subfield></datafield><datafield ind1=" " ind2=" " tag="580"><subfield code="a">Evening ed.: Saint Paul press (Saint Paul, Minn. : Evening ed.).</subfield></datafield><datafield ind1=" " ind2=" " tag="580"><subfield code="a">Daily eds.: Saint Paul daily press (Saint Paul, Minn. : 1861), Jan. 1, 1861-Mar. 23, 1864, and: Saint Paul press, Mar. 24, 1864-Dec. 31, 1865, and: Saint Paul daily press (Saint Paul, Minn. : 1866), Jan. 2, 1866-Apr. 10, 1875.</subfield></datafield><datafield ind1=" " ind2=" " tag="588"><subfield code="a">Description based on: Vol. 1, no. 3 (Mar. 6, 1861).</subfield></datafield><datafield ind1=" " ind2="0" tag="651"><subfield code="a">Saint Paul (Minn.)</subfield><subfield code="v">Newspapers.</subfield></datafield><datafield ind1=" " ind2="0" tag="651"><subfield code="a">Ramsey County (Minn.)</subfield><subfield code="v">Newspapers.</subfield></datafield><datafield ind1=" " ind2="7" tag="651"><subfield code="a">Minnesota</subfield><subfield code="z">Ramsey County.</subfield><subfield code="2">fast</subfield><subfield code="0">(OCoLC)fst01213443</subfield></datafield><datafield ind1=" " ind2="7" tag="651"><subfield code="a">Minnesota</subfield><subfield code="z">Saint Paul.</subfield><subfield code="2">fast</subfield><subfield code="0">(OCoLC)fst01212130</subfield></datafield><datafield ind1=" " ind2="7" tag="655"><subfield code="a">Newspapers.</subfield><subfield code="2">fast</subfield><subfield code="0">(OCoLC)fst01423814</subfield></datafield><datafield ind1=" " ind2=" " tag="752"><subfield code="a">United States</subfield><subfield code="b">Minnesota</subfield><subfield code="c">Ramsey</subfield><subfield code="d">Saint Paul.</subfield></datafield><datafield ind1="1" ind2=" " tag="775"><subfield code="t">St. Paul weekly press</subfield><subfield code="w">(DLC)sn 84024821</subfield><subfield code="w">(OCoLC)1775211</subfield></datafield><datafield ind1="1" ind2=" " tag="775"><subfield code="t">Saint Paul press (Saint Paul, Minn. : Evening ed.)</subfield><subfield code="w">(DLC)sn 90059509</subfield><subfield code="w">(OCoLC)21616568</subfield></datafield><datafield ind1="1" ind2=" " tag="775"><subfield code="t">Saint Paul daily press (Saint Paul, Minn. : 1861)</subfield><subfield code="w">(DLC)sn 83016749</subfield><subfield code="w">(OCoLC)10091102</subfield></datafield><datafield ind1="1" ind2=" " tag="775"><subfield code="t">Saint Paul press</subfield><subfield code="w">(DLC)sn 83025286</subfield><subfield code="w">(OCoLC)9370133</subfield></datafield><datafield ind1="1" ind2=" " tag="775"><subfield code="t">Saint Paul daily press (Saint Paul, Minn. : 1866)</subfield><subfield code="w">(DLC)sn 83016748</subfield><subfield code="w">(OCoLC)10091022</subfield></datafield></record>